<record><leader>01500cam a22004098i 4500</leader><controlfield tag="001">6849327</controlfield><controlfield tag="003">The World Bank</controlfield><controlfield tag="005">20141204160834.0</controlfield><controlfield tag="006">m     o  d        </controlfield><controlfield tag="007">cr cn|||||||||</controlfield><controlfield tag="008">141204s2015    dcu     o     000 0 eng  </controlfield><datafield ind1=" " ind2=" " tag="010"><subfield code="a">2014045921</subfield></datafield><datafield ind1=" " ind2=" " tag="020"><subfield code="a">9781464804359</subfield></datafield><datafield ind1=" " ind2=" " tag="035"><subfield code="a">(The World Bank)18395706</subfield></datafield><datafield ind1=" " ind2=" " tag="040"><subfield code="a">DLC</subfield><subfield code="b">eng</subfield><subfield code="e">rda</subfield><subfield code="c">DLC</subfield><subfield code="d">AEU</subfield></datafield><datafield ind1=" " ind2=" " tag="043"><subfield code="a">f------</subfield></datafield><datafield ind1="0" ind2="0" tag="050"><subfield code="a">HC800.Z9</subfield><subfield code="b">P62698 2015</subfield></datafield><datafield ind1="0" ind2="0" tag="082"><subfield code="a">362.5/561096</subfield><subfield code="2">23</subfield></datafield><datafield ind1=" " ind2=" " tag="090"><subfield code="a">Internet Access</subfield><subfield code="b">AEU</subfield></datafield><datafield ind1="0" ind2="0" tag="245"><subfield code="a">Safety nets in Africa :</subfield><subfield code="b">effective mechanisms to reach the poor and most vulnerable /</subfield><subfield code="c">edited by Carlo del Ninno and Bradford Mills.</subfield></datafield><datafield ind1=" " ind2="1" tag="264"><subfield code="a">Washington, DC :</subfield><subfield code="b">World Bank,</subfield><subfield code="c">[2015]</subfield></datafield><datafield ind1=" " ind2=" " tag="300"><subfield code="a">1 online resource.</subfield></datafield><datafield ind1=" " ind2=" " tag="336"><subfield code="a">text</subfield><subfield code="2">rdacontent</subfield></datafield><datafield ind1=" " ind2=" " tag="337"><subfield code="a">unmediated</subfield><subfield code="2">rdamedia</subfield></datafield><datafield ind1=" " ind2=" " tag="338"><subfield code="a">volume</subfield><subfield code="2">rdacarrier</subfield></datafield><datafield ind1=" " ind2=" " tag="506"><subfield code="a">Access restricted to authorized users and institutions.</subfield></datafield><datafield ind1=" " ind2=" " tag="588"><subfield code="a">Description based on print version record.</subfield></datafield><datafield ind1=" " ind2=" " tag="596"><subfield code="a">44</subfield></datafield><datafield ind1=" " ind2="0" tag="650"><subfield code="a">Poor</subfield><subfield code="x">Services for</subfield><subfield code="z">Africa.</subfield></datafield><datafield ind1=" " ind2="0" tag="650"><subfield code="a">Poverty</subfield><subfield code="x">Government policy</subfield><subfield code="z">Africa.</subfield></datafield><datafield ind1=" " ind2="0" tag="650"><subfield code="a">Public welfare</subfield><subfield code="z">Africa.</subfield></datafield><datafield ind1="1" ind2=" " tag="700"><subfield code="a">Del Ninno, Carlo.</subfield></datafield><datafield ind1="1" ind2=" " tag="700"><subfield code="a">Mills, Bradford F.</subfield></datafield><datafield ind1="2" ind2=" " tag="710"><subfield code="a">World Bank.</subfield></datafield><datafield ind1="4" ind2="0" tag="856"><subfield code="3">University of Alberta Access</subfield><subfield code="u">http://elibrary.worldbank.org/doi/book/10.1596/978-1-4648-0435-9</subfield><subfield code="z">(Unlimited Concurrent Users)</subfield></datafield><datafield ind1=" " ind2=" " tag="949"><subfield code="h">UAIN</subfield><subfield code="z">WLDBANK</subfield></datafield><datafield ind1=" " ind2=" " tag="926"><subfield code="a">Internet Access</subfield><subfield code="w">LC</subfield><subfield code="c">1</subfield><subfield code="i">6849327-1001</subfield><subfield code="l">INTERNET</subfield><subfield code="m">UAINTERNET</subfield><subfield code="r">Y</subfield><subfield code="s">Y</subfield><subfield code="t">E-RESOURCE</subfield><subfield code="u">3/5/2015</subfield><subfield code="x">E-BOOK</subfield><subfield code="z">WLDBANK</subfield></datafield></record>